@article{pallis2011online,
  title={Online social networks: status and trends},
  author={Pallis, George and Zeinalipour-Yazti, Demetrios and Dikaiakos, Marios D},
  journal={New directions in web data management 1},
  pages={213--234},
  year={2011},
  publisher={Springer}
}
@inproceedings{mislove2007measurement,
  title={Measurement and analysis of online social networks},
  author={Mislove, Alan and Marcon, Massimiliano and Gummadi, Krishna P and Druschel, Peter and Bhattacharjee, Bobby},
  booktitle={Proceedings of the 7th ACM SIGCOMM conference on Internet measurement},
  pages={29--42},
  year={2007}
}
@inproceedings{xia2021tweet,
  title={Tweet sentiment analysis of the 2020 US presidential election},
  author={Xia, Ethan and Yue, Han and Liu, Hongfu},
  booktitle={Companion Proceedings of the Web Conference 2021},
  pages={367--371},
  year={2021}
}
@article{shevtsov2020analysis,
  title={Analysis of Twitter and YouTube during USelections 2020},
  author={Shevtsov, Alexander and Oikonomidou, Maria and Antonakaki, Despoina and Pratikakis, Polyvios and Ioannidis, Sotiris},
  journal={arXiv preprint arXiv:2010.08183},
  year={2020}
}
@article{chaudhry2021sentiment,
  title={Sentiment analysis of before and after elections: Twitter data of US election 2020},
  author={Chaudhry, Hassan Nazeer and Javed, Yasir and Kulsoom, Farzana and Mehmood, Zahid and Khan, Zafar Iqbal and Shoaib, Umar and Janjua, Sadaf Hussain},
  journal={Electronics},
  volume={10},
  number={17},
  pages={2082},
  year={2021},
  publisher={Multidisciplinary Digital Publishing Institute}
}
@article{lovera2021sentiment,
  title={Sentiment Analysis in Twitter Based on Knowledge Graph and Deep Learning Classification},
  author={Lovera, Fernando Andres and Cardinale, Yudith Coromoto and Homsi, Masun Nabhan},
  journal={Electronics},
  volume={10},
  number={22},
  pages={2739},
  year={2021},
  publisher={Multidisciplinary Digital Publishing Institute}
}
@inproceedings{takikawa2017political,
  title={Political polarization in social media: Analysis of the “Twitter political field” in Japan},
  author={Takikawa, Hiroki and Nagayoshi, Kikuko},
  booktitle={2017 IEEE international conference on big data (big data)},
  pages={3143--3150},
  year={2017},
  organization={IEEE}
}
@article{zahrah2022comparison,
  title={A Comparison of Online Hate on Reddit and 4chan: A Case Study of the 2020 US Election},
  author={Zahrah, Fatima and Nurse, Jason RC and Goldsmith, Michael},
  journal={arXiv preprint arXiv:2202.01302},
  year={2022}
}
@article{confalonieri2021historical,
  title={A historical perspective of explainable Artificial Intelligence},
  author={Confalonieri, Roberto and Coba, Ludovik and Wagner, Benedikt and Besold, Tarek R},
  journal={Wiley Interdisciplinary Reviews: Data Mining and Knowledge Discovery},
  volume={11},
  number={1},
  pages={e1391},
  year={2021},
  publisher={Wiley Online Library}
}
### NLP
@book{allen1988natural,
  title={Natural language understanding},
  author={Allen, James},
  year={1988},
  publisher={Benjamin-Cummings Publishing Co., Inc.}
}
@article{cambria2014jumping,
  title={Jumping NLP curves: A review of natural language processing research},
  author={Cambria, Erik and White, Bebo},
  journal={IEEE Computational intelligence magazine},
  volume={9},
  number={2},
  pages={48--57},
  year={2014},
  publisher={IEEE}
}
%%% CHATBOTS %%%
@inproceedings{wezel2020m,
  title={“I’m Here for You”: Can Social Chatbots Truly Support Their Users? A Literature Review},
  author={Wezel, Marloes and Croes, Emmelyn AJ and Antheunis, Marjolijn L and others},
  booktitle={International Workshop on Chatbot Research and Design},
  pages={96--113},
  year={2020},
  organization={Springer}
}
@article{mctear2020conversational,
  title={Conversational AI: dialogue systems, conversational agents, and chatbots},
  author={McTear, Michael},
  journal={Synthesis Lectures on Human Language Technologies},
  volume={13},
  number={3},
  pages={1--251},
  year={2020},
  publisher={Morgan \& Claypool Publishers}
}
@inproceedings{lokman2018modern,
  title={Modern chatbot systems: A technical review},
  author={Lokman, Abbas Saliimi and Ameedeen, Mohamed Ariff},
  booktitle={Proceedings of the future technologies conference},
  pages={1012--1023},
  year={2018},
  organization={Springer}
}